@article{LIB01,
    title = {Experimental Evaluation of Hardware/Software Fault Tolerance},
    journal = {IFAC Proceedings Volumes},
    volume = {33},
    number = {1},
    pages = {111 - 116},
    year = {2000},
    url = {https://doi.org/10.1016/S1474-6670(17)35597-0},
    doi = {10.1016/S1474-6670(17)35597-0},
    author = {P. Gawkowski and J. Sosnowski and E. Anderson and J. Zalewski}
}

@article {LIB02,
   author = {Ali Basiri and Niosha Behnam and Ruud de Rooij and Lorin Hochstein and Luke Kosewski and Justin Reynolds and Casey Rosenthal},
   title = {Chaos Engineering},
   journal = {IEEE Software},
   publisher = {IEEE Computer Society},
   url = {https://doi.org/10.1109/MS.2016.60},
   doi = {10.1109/MS.2016.60},
   pages = {35-41},
   year = {2016}
}

@misc {LIB03,
   author = {David Faragó},
   title = {Improved Underspecification for Model-based Testing in
            Agile Development},
   institution = {Karlsruhe Institute of Technology, Institute for Theoretical Computer Science},
   url = {https://dl.gi.de/handle/20.500.12116/19660},
   doi = {10.13140/2.1.3677.0248},
   isbn = {978-3-88579-273-4},
   issn = {1617-5468},
   pages = {63-76},
   year = {s.f}
}

@inproceedings{LIB05,
    author={Y. {Yu} and B. {Bastien} and B. W. {Johnson}},
    booktitle={Annual Reliability and Maintainability Symposium, 2005. Proceedings.},
    title={A state of research review on fault injection techniques and a case study},
    year={2005},
    volume={},
    number={},
    pages={386-392},
    url = {https://doi.org/10.1109/RAMS.2005.1408393},
    doi={10.1109/RAMS.2005.1408393},
    ISSN={0149-144X},
    month={Jan}
}

@book {LIB06,
   author = {Casey Rosenthal and Lorin Hochstein and
            Aaron Blohowiak and Nora Jones and Ali Basiri},
   title = {Chaos Engineering - Building Confidence in System Behavior through Experiments},
   publisher = {O’Reilly Media},
   address = {California},
   url = {https://www.oreilly.com/library/view/chaos-engineering/9781491988459/},
   isbn = {9781491988459},
   edition = {1},
   year = {2017}
}

@article {LIB07,
    title = {Fault injection techniques and tools},
    author = "Hsueh, {Mei Chen} and Tsai, {Timothy K.} and Iyer, {Ravishankar K}",
    year = {1997},
    volume = {30},
    url = {https://doi.org/10.1109/2.585157},
    doi = {10.1109/2.585157},
    pages = {75--82},
    journal = {Computer},
    publisher = "IEEE Computer Society",
}

@inproceedings{LIB08,
    title = {Gremlin: Systematic Resilience Testing of Microservices},
    author = {Heorhiadi, Victor and Rajagopalan, Shriram and Jamjoom, Hani and Reiter, Michael and Sekar, Vyas},
    year = {2016},
    url = {https://doi.org/10.1109/ICDCS.2016.11},
    doi = {10.1109/ICDCS.2016.11},
    month = {06},
    pages = {57-66},
}

@article{LIB09,
    author = {Alvaro, Peter and Tymon, Severine},
    journal = {Queue},
    number = {1},
    pages = {54-61},
    issn = {1542-7730},
    publisher = {Association for Computing Machinery},
    url = {https://doi.org/10.1145/3155112.3155114},
    doi = {10.1145/3155112.3155114},
    title = {Abstracting the geniuses away from failure testing.},
    volume = {61},
    year = {2017}
}

@article{LIB10,
    author = {Chessin, Steve},
    title = {Injecting Errors for Fun and Profit},
    journal = {Commun. ACM},
    volume = {53},
    number = {9},
    month = sep,
    year = {2010},
    pages = {48--54},
    numpages = {7},
    url = {http://doi.acm.org/10.1145/1810891.1810908},
    doi = {10.1145/1810891.1810908},
    publisher = {ACM},
    address = {New York, NY, USA},
} 

@article{LIB11,
    author = {Allspaw, John},
    title = {Fault Injection in Production},
    journal = {Queue},
    volume = {10},
    number = {8},
    month = aug,
    year = {2012},
    pages = {30:30--30:35},
    articleno = {30},
    url = {http://doi.acm.org/10.1145/2346916.2353017},
    doi = {10.1145/2346916.2353017},
    publisher = {ACM},
    address = {New York, NY, USA},
} 

@article{LIB12,
    author = {McCaffrey, Caitie},
    title = {The Verification of a Distributed System},
    journal = {Queue},
    volume = {13},
    number = {9},
    month = dec,
    year = {2015},
    pages = {60:150--60:160},
    url = {http://doi.acm.org/10.1145/2857274.2889274},
    doi = {10.1145/2857274.2889274},
    publisher = {ACM},
    address = {New York, NY, USA},
} 

@inproceedings{LIB13,
    author = {Torkura, Kennedy .A and Sukmana, Muhammad I. H and Cheng, Feng and Meinel, Christoph},
    Title = {Security Chaos Engineering for Cloud Services},
    keywords = {myown incident-response threat-detection cloud-security security},
    publisher = {IEEE},
    url = {https://doi.org/10.1109/NCA.2019.8935046},
    doi = {10.1109/NCA.2019.8935046},
    type = {Publication},
    year = 2019
}

@article{LIB14,
    title = {Research on Security Test for Application Software Based on SPN},
    journal = {Procedia Engineering},
    volume = {174},
    pages = {1140-1147},
    year = {2017},
    url = {https://doi.org/10.1016/j.proeng.2017.01.267},
    doi = {10.1016/j.proeng.2017.01.267},
    author = {Pan Ping and Zhu Xuan and Mao Xinyue},
    keywords = {SPN, application software, security testing},
}

@article{LIB15,
    author = {O'loughlin, John and Gillam, Lee},
    title = {Sibling Virtual Machine Co-location Confirmation and Avoidance Tactics for Public Infrastructure Clouds},
    journal = {J. Supercomput.},
    volume = {72},
    number = {3},
    month = mar,
    year = {2016},
    pages = {961--984},
    numpages = {24},
    url = {https://doi.org/10.1007/s11227-016-1627-9},
    doi = {10.1007/s11227-016-1627-9},
    publisher = {Kluwer Academic Publishers},
    address = {Hingham, MA, USA},
    keywords = {Cloud computing, Co-location, Security and performance, Virtualisation, Xen},
} 

@article{LIB16,
    author = {Kouwe, Erik and Giuffrida, Cristiano and Tanenbaum, Andrew},
    year = {2014},
    month = {11},
    pages = {1-30},
    title = {Finding fault with fault injection: an empirical exploration of distortion in fault injection experiments},
    volume = {24},
    journal = {Software Quality Journal},
    issn = {0963-9314},
    url = {https://doi.org/10.1007/s11219-014-9261-3},
    doi = {10.1007/s11219-014-9261-3}
}

@inproceedings{LIB17,
    author = {Khosrowjerdi, Hojat and Meinke, Karl and Rasmusson, Andreas},
    year = {2018},
    month = {01},
    pages = {},
    title = {Virtualized-Fault Injection Testing: A Machine Learning Approach},
    url = {https://doi.org/10.1109/ICST.2018.00037},
    doi = {10.1109/ICST.2018.00037}
}

@inproceedings{LIB19,
    title={A comparison of network level fault injection with code insertion},
    author={Looker, Nik and Munro, Malcolm and Xu, Jie},
    booktitle={29th Annual International Computer Software and Applications Conference (COMPSAC'05)},
    volume={1},
    pages={479--484},
    year={2005},
    url = {https://doi.org/10.1109/COMPSAC.2005.16},
    doi = {10.1109/COMPSAC.2005.16},
    organization={IEEE}
}

@article{LIB20,
  title={Network Connection Fault Injection in Virtual Laboratory},
  author={A{\~n}orga, Javier and Valdivia, Leonardo and Solas, Gonzalo and Arrizabalaga, Saioa and Mendizabal, Jaizki},
  url = {https://www.semanticscholar.org/paper/Network-Connection-Fault-Injection-in-Virtual-A\%C3\%B1orga-Valdivia/7f15183b757c3e7eb16586369ef97789e6cbb8e9}
}

@inproceedings{LIB21,
    author={Y. {Duan} and G. {Fu} and N. {Zhou} and X. {Sun} and N. C. {Narendra} and B. {Hu}},
    booktitle={2015 IEEE 8th International Conference on Cloud Computing},
    title={Everything as a Service (XaaS) on the Cloud: Origins, Current and Future Trends},
    year={2015},
    volume={},
    number={},
    pages={621-628},
    keywords={cloud computing;security of data;everything as a service;XaaS;information management;security as a service;cloud computing;Cloud computing;Software as a service;Databases;Market research;Everything as a Service;Anything as a Service;Cloud computing;SOA},
    doi={10.1109/CLOUD.2015.88},
    ISSN={2159-6182},
    month={June}
}

@inproceedings{LIB22,
  author = {M. O. {Ahmad} and J. {Markkula} and M. {Oivo}},
  booktitle = {2013 39th Euromicro Conference on Software Engineering and Advanced Applications}, 
  title = {Kanban in software development: A systematic literature review}, 
  year = {2013},
  pages = {9 - 16},
  url = {https://doi.org/10.1109/SEAA.2013.28},
  doi = {10.1109/SEAA.2013.28}
}
@article{LIB23,
    title = {A statistical analysis of the effects of Scrum and Kanban on software development projects},
    journal = {Robotics and Computer-Integrated Manufacturing},
    volume = {43},
    year = {2017},
    pages = {59 - 67},
    issn = {0736-5845},
    url = {https://doi.org/10.1016/j.rcim.2015.12.001},
    doi = {10.1016/j.rcim.2015.12.001},
    author = {Howard Lei and Farnaz Ganjeizadeh and Pradeep Kumar Jayachandran and Pinar Ozcan},
}

@book{BOOK01,
    title = {Exploring Kubernetes},
    author = {Luksa, M.},
    year = {2018},
    url = {https://www.manning.com/books/exploring-kubernetes},
    isbn = {9781617295539},
    publisher = {Manning Publications Company}
}

@book{BOOK02,
    title = {The Kubernetes Book: The fastest way to get your head around Kubernetes},
    author = {Poulton, N. and Joglekar, P.},
    isbn = {9781838989736},
    url = {https://www.packtpub.com/cloud-networking/the-kubernetes-book}, 
    year = {2019},
    publisher = {Packt Publishing}
}
%{https://books.google.co.ve/books?id=0jqgDwAAQBAJ},

@book{BOOK03,
    title = {Introduction to React},
    author = {Gackenheimer, C.},
    year = {2015},
    url = {https://dl.acm.org/doi/book/10.5555/2836832},
    isbn = {1484212460},
    publisher = {Apress}
}

@book{BOOK04,
    title = {Kubernetes: Up and Running: Dive Into the Future of Infrastructure},
    author = {Hightower, K. and Beda, J. and Burns, B.},
    year = {2017},
    isbn={9781492046523},
    url={https://www.oreilly.com/library/view/kubernetes-up-and/9781492046523/},
    publisher = {O'Reilly Media}
}

@book{BOOK05,
    author = {Hughes-Croucher, Tom and Wilson, Mike},
    pages = {1-184},
    publisher = {O'Reilly},
    title = {Node - Up and Running: Scalable Server-Side Code with JavaScript.},
    url = {https://www.semanticscholar.org/paper/Node-Up-and-Running\%3A-Scalable-Server-Side-Code-with-Hughes-Croucher-Wilson/a7c3366d038e7af65bc67c66c29e368638714577},
    year = 2012
}
@INPROCEEDINGS{BOOK06,
    author={R. {Ward} and C. K. {Chang}},
    booktitle={2019 IEEE 43rd Annual Computer Software and Applications Conference (COMPSAC)},
    title={In Search of Scientific Agile},
    year={2019},
    volume={1},
    number={},
    pages={59-65},
    url = {https://doi.org/10.1109/COMPSAC.2019.00018},
    doi={10.1109/COMPSAC.2019.00018},
    ISSN={0730-3157},
    month={Jul}
}

@book{BOOK07,
    author = {Sharp, Helen and Hall, Tracy},
    title = {Agile Processes, in Software Engineering, and Extreme Programming: 17th International Conference, XP 2016, Edinburgh, UK, May 24-27, 2016, Proceedings},
    year = {2016},
    url ={https://dl.acm.org/doi/book/10.5555/3052451},
    isbn = {3319335146},
    publisher = {Springer Publishing Company, Incorporated},
    edition = {1st}
}

@article{BOOK08,
    author = {Stoica, Marian and Mircea, Marinela and Ghilic-Micu, Bogdan},
    year = {2013},
    month = {12},
    pages = {64-76},
    title = {Software Development: Agile vs. Traditional},
    volume = {17},
    journal = {Informatica Economica},
    url = {https://doi.org/10.12948/issn14531305/17.4.2013.06},
    doi = {10.12948/issn14531305/17.4.2013.06}
}

@ARTICLE{BOOK09,
    author = {K. {Beck}},
    journal = {Computer},
    title = {Embracing change with extreme programming},
    year = {1999},
    volume = {32},
    number = {10},
    pages = {70-77},
    url = {https://doi.org/10.1109/2.796139},
    doi = {10.1109/2.796139},
    ISSN = {1558-0814},
    month = {Oct}
}

@book{BOOK10,
    author = {Beck, Kent and Andres, Cynthia},
    title = {Extreme Programming Explained: Embrace Change (2nd Edition)},
    year = {2004},
    isbn = {0321278658},
    url = {https://dl.acm.org/doi/book/10.5555/1076267},
    publisher = {Addison-Wesley Professional}
}

@article{BOOK11,
    author = {Rising, Linda and Janoff, N.S.},
    year = {2000},
    month = {08},
    pages = {26 - 32},
    title = {The Scrum Software Development Process for Small Teams},
    volume = {17},
    journal = {Software, IEEE},
    url = {https://doi.org/10.1109/52.854065},
    doi = {10.1109/52.854065}
}

@book{BOOK12,
    author = {Soppelsa, Fabrizio and Kaewkasi, Chanwit},
    title = {Native Docker Clustering with Swarm},
    year = {2017},
    isbn = {1786469758},
    url = {https://dl.acm.org/doi/book/10.5555/3153103},
    doi = {10.5555/3153103},
    publisher = {Packt Publishing}
}

@book{BOOK13,
    author = {Hochstein, Lorin},
    title = {Ansible: Up and Running},
    year = {2015},
    isbn = {1491915323},
    doi = {10.5555/2904387},
    url = {https://dl.acm.org/doi/book/10.5555/2904387},
    publisher = {O’Reilly Media, Inc.},
    edition = {1st}
}

@book{BOOK14,
    author = {Sachs, Leslie and Aiello, Robert},
    title = {Configuration Management Best Practices: Practical Methods that Work in the Real World},
    year = {2010},
    isbn = {9780321699985},
    url = {https://www.oreilly.com/library/view/configuration-management-best/9780321699985/},
    publisher = {Addison-Wesley Professional},
    edition = {1st}
}

@book{BOOK15,
    author = {Krum, Spencer and Hevelingen, William Van and Kero, Ben and Turnbull, James and McCune, Jeffrey},
    title = {Pro Puppet},
    year = {2013},
    isbn = {1430260408},
    doi = {10.5555/2568174},
    url = {https://dl.acm.org/doi/book/10.5555/2568174},
    publisher = {Apress},
    address = {USA},
    edition = {2nd}
}

@book{BOOK16,
    author = {Sharma, Rishabh and Soni, Mitesh},
    title = {Learning Chef},
    year = {2015},
    isbn = {9781783285211},
    url = {https://books.google.co.ve/books?id=jeXuBwAAQBAJ&printsec=frontcover#v=onepage&q&f=false},
    publisher = {Packt Publishing},
    edition = {1st}
}

@INPROCEEDINGS{PLAN01,
    author={M. K. {Gokhroo} and M. C. {Govil} and E. S. {Pilli}},
    booktitle={2017 3rd International Conference on Computational Intelligence Communication Technology (CICT)},
    title={Detecting and mitigating faults in cloud computing environment},
    year={2017},
    volume={},
    number={},
    pages={1-9},
    url = {https://doi.org/10.1109/CIACT.2017.7977362},
    doi={10.1109/CIACT.2017.7977362},
    ISSN={null},
    month={Feb}
}

@article{PLAN02,
    author = {Aktas, Mehmet},
    year = {2018},
    month = {02},
    pages = {},
    title = {Hybrid cloud computing monitoring software architecture},
    volume = {30},
    url = {https://doi.org/10.1002/cpe.4694},
    journal = {Concurrency and Computation: Practice and Experience},
    doi = {10.1002/cpe.4694}
}

@article{PLAN03,
    title = {A survey of fault tolerance architecture in cloud computing},
    journal = {Journal of Network and Computer Applications},
    volume = {61},
    pages = {81 - 92},
    year = {2016},
    issn = {1084-8045},
    doi = {10.1016/j.jnca.2015.10.004},
    url = {https://doi.org/10.1016/j.jnca.2015.10.004},
    author = {Mehdi Nazari Cheraghlou and Ahmad Khadem-Zadeh and Majid Haghparast}
}

@article{PLAN04,
	author = {Zeeshan Amin and Harshpreet Singh and Nisha Sethi},
	title = {Article: Review on Fault Tolerance Techniques in Cloud Computing},
	journal = {International Journal of Computer Applications},
	year = {2015},
	volume = {116},
	number = {18},
	pages = {11-17},
	month = {April},
	doi = {10.5120/20435-2768},
    url = {https://doi.org/	10.5120/20435-2768},
}

@article{PLAN05,
    author = {Youssef Essa},
    year = {2016},
    month = {03},
    pages = {34-38},
    title = {A Survey of Cloud Computing Fault Tolerance: Techniques and Implementation},
    volume = {138},
    journal = {International Journal of Computer Applications},
    url = {https://doi.org/10.5120/ijca2016909055},
    doi = {10.5120/ijca2016909055}
}

@INPROCEEDINGS{PLAN06,
    author={T. J. {Charity} and G. C. {Hua}},
    booktitle={2016 2nd International Conference on Next Generation Computing Technologies (NGCT)},
    title={Resource reliability using fault tolerance in cloud computing},
    year={2016},
    volume={},
    number={},
    pages={65-71},
    url = {https://doi.org/10.1109/NGCT.2016.7877391},
    doi={10.1109/NGCT.2016.7877391},
    ISSN={null},
    month={October}
}

@article{PLAN07,
    title={Different Techniques to Ensure High Availability in Cloud Computing},
    author={Bajaber, Wejdan and AlQulaity, Manahil and Alotaibi, Fahd S},
    year = {2017},
    volume={6},    
    number={11},
    pages={6-16},
    url = {https://doi.org/10.17148/IJARCCE.2017.61102},
    doi={10.17148/IJARCCE.2017.61102},
    ISSN={2278-1021},
    month={November}
}

@INPROCEEDINGS{PLAN08,
    author={L. {Feinbube} and L. {Pirl} and P. {Tröger} and A. {Polze}},
    booktitle={2017 IEEE International Conference on Software Quality, Reliability and Security Companion (QRS-C)},
    title={Software Fault Injection Campaign Generation for Cloud Infrastructures},
    year={2017},
    volume={},
    number={},
    pages={622-623},
    doi={10.1109/QRS-C.2017.119},
    url = {https://doi.org/10.1109/QRS-C.2017.119},
    ISSN={null},
    month={July}
}

@article{PLAN09,
    author = {Bajaber, Wejdan and Alqulaity, Manahil and Alotaibi, Fahd},
    year = {2017},
    month = {Novemver},
    volume={6},
    number={11},
    pages = {6-16},
    title = {Different Techniques to Ensure High Availability in Cloud Computing},
    ISSN = {2278-1021},
    doi = {10.17148/IJARCCE.2017.61102},
    url = {https://ijarcce.com/upload/2017/november-17/IJARCCE%202.pdf},
}

@book{PLAN10,
    address = {Boston},
    author = {Laudon, Kenneth C. and Laudon, Jane Price},
    edition = {7},
    isbn = {978-0-273-78997-0},
    publisher = {Pearson},
    title = {Management Information Systems: Managing the Digital Firm},
    year = {2014},
    url = {https://www.pearson.com/store/p/management-information-systems-managing-the-digital-firm-seventh-canadian-edition/P100002528509}
}

@article{PLAN11,
    author = {Kim, Won},
    year = {2009},
    month = {01},
    pages = {65-72},
    title = {Cloud Computing: Today and Tomorrow},
    volume = {8},
    journal = {Journal of Object Technology},
    doi = {10.5381/jot.2009.8.1.c4},
    url = {https://doi.org/10.5381/jot.2009.8.1.c4}
}

@article{PLAN12,
    author = {Ahuja, Sanjay and Mani, Sindhu},
    year = {2012},
    month = {05},
    pages = {},
    title = {Availability of Services in the Era of Cloud Computing},
    volume = {1},
    journal = {Network and Communication Technologies},
    doi = {10.5539/nct.v1n1p2},
    url = {https://doi.org/10.5539/nct.v1n1p2}
}
@inproceedings{PLAN13,
    author={Casalicchio, Emiliano and Perciballi, Vanessa},
    booktitle={2017 IEEE 2nd International Workshops on Foundations and Applications of Self* Systems (FAS*W)}, 
    title={Auto-Scaling of Containers: The Impact of Relative and Absolute Metrics}, 
    year={2017},
    volume={},
    number={},
    pages={207-214},
    doi={10.1109/FAS-W.2017.149},
    url = {https://doi.org/10.1109/FAS-W.2017.149}
}

@misc{WEB01, 
    title={What is NGINX?}, 
    url={https://www.nginx.com/resources/glossary/nginx/}, 
    journal={NGINX}, 
    year={2021}, 
    month={Jan}
} 

@misc{WEB02, 
    title={Overview: Prometheus}, 
    url={https://prometheus.io/docs/introduction/overview/}, 
    journal={Prometheus Blog}
} 

@misc{WEB03, 
    title={Resource metrics pipeline}, 
    url={https://kubernetes.io/docs/tasks/debug-application-cluster/resource-metrics-pipeline/}, 
    journal={Kubernetes}, 
    year={2020}, 
    month={Oct}
} 
